<?xml version="1.0" encoding="UTF-8"?><collection xmlns="http://www.loc.gov/MARC21/slim"><record><leader>00577nam--2200181-i-4500</leader><controlfield tag="001">000014351</controlfield><controlfield tag="002">20161230</controlfield><controlfield tag="005">20161230201030</controlfield><controlfield tag="008">060222s1000------------r-----000-0-fre-d</controlfield><datafield ind1=" " ind2=" " tag="040"><subfield code="a">IFIN-HH</subfield></datafield><datafield ind1=" " ind2=" " tag="041"><subfield code="a">fre</subfield></datafield><datafield ind1=" " ind2=" " tag="080"><subfield code="a">537.871.62(043)</subfield></datafield><datafield ind1="1" ind2=" " tag="100"><subfield code="a">Buchalet, Louis-jean</subfield></datafield><datafield ind1="1" ind2="0" tag="245"><subfield code="a">Analyse de champ d ondes electromagnetiques a partir de modeles a une ou deux directions privilegiees</subfield><subfield code="b">These</subfield><subfield code="c">Louis-jean buchalet</subfield></datafield><datafield ind1=" " ind2=" " tag="260"><subfield code="a">Orleans</subfield><subfield code="b">U.E.R. De Sciences Fonfamentales Et Appliquees</subfield><subfield code="c">1979</subfield></datafield><datafield ind1=" " ind2=" " tag="300"><subfield code="a">149 P</subfield></datafield><datafield ind1=" " ind2=" " tag="852"><subfield code="a">70633</subfield><subfield code="c">537:538</subfield></datafield><datafield ind1=" " ind2=" " tag="CAT"><subfield code="a">Sys</subfield><subfield code="c">20110627</subfield><subfield code="h">092527</subfield></datafield></record></collection>